@misc{NCS21,
    author = {{National Careers Service}},
    title = {Search and rescue worker},
    year = {2021},
    note = {\url{https://nationalcareers.service.gov.uk/job-profiles/search-and-rescue-worker} [accessed 13 May 2021]}
}

@article{Greatbatch15,
    author = {Greatbatch, I., Gosling, R. J. and Allen, S.},
    title = {Quanitfying Search Dog Effectiveness in a Terrestrial Search and Rescue Environment},
    year = {2015},
    month = {September},
    journal = {Wilderness & Environmental Medicine},
    volume = {26},
    number = {3},
    pages = {327-334},
    issn = {1080-6032},
    note = {\url{https://www-sciencedirect-com.uea.idm.oclc.org/science/article/pii/S1080603215001027?via\%3Dihub} [accessed 17 May 2021]}
}

@Article{Ferworn2006, 
author = "Ferworn, A. and Sadeghian, A. and Barnum, K. and Rahnama, H. and Pham, H. and Erickson, C. and Ostrom, D. and Dell'Agnese, L.",
title = "Urban Search and Sescue with Canine Augmentation Technology",
year = "2006",
journal = "IEEE/SMC International conference on system of systems engineering",
volume = "",
number = "",
pages = "334-338",
}

@misc{NSARDA16,
    author = {National Search and Rescue Dog Association (NSARDA)},
    title = {Search Dogs},
    year = {2016},
    note = {Available from: {\url{https://www.nsarda.org.uk/search-dogs/}} [accessed 1 June 2021]}
}
@Article{McRae2019,
  author  = "McRae, J. N. and Gay, C. J. and Nielsen, B. M. and Hunt, A. P.",
  title   = "Using an unmanned aircraft system (drone) to conduct a complex high altitude search and rescue operation: a case study.",
  journal = "Wilderness and environmental medicine",
  year    = "2019",
  volume  = "30",
  number  = "3",
  pages   = "287-90",
}
@Article{Polka2017,
  author  = "Półka, M. and Ptak, S. and Kuziora, Ł.",
  title   = "The use of UAV's for search and rescue operations",
  journal = "Procedia Engineering",
  year    = "2017",
  volume  = "192",
  number  = "",
  pages   = "748-52",
}
@Article{Shakhatreh2019,
  author  = "Shakhatreh, H. and Sawalmeh, A. H. and Al-Fuqaha, A. and Dou, Z. and Almaita, E. and Khalil, I. and Othman, N. S. and Khreishah, A. and Guizani, M.",
  title   = "Unmanned Aerial Vehicles (UAVs): A survey on civil applications and key research challenges",
  journal = "IEEE",
  year    = "2019",
  volume  = "7",
  number  = "",
  pages   = "48572-634",
}
@Article{Verykokou2016,
  author  = "Verykokou, S. and Doulamis, A. and Athanasiou, G. and Ioannidis, C. and Amditis, A.",
  title   = "UAV-based 3d modelling of disaster scenes for urban search and rescue",
  journal = "IEEE International Conference on Imaging Systems and Techniques",
  year    = "2016",
  volume  = "1",
  number  = "",
  pages   = "106-11",
}
@Article{Statheropoulos2014,
author = "Statheropoulos, M. and Agapiou, A. and Pallis, G. C. and Mikedi, K. and Karma, S. and Vamvakari, J. and Dandoulaki, M. and Andristos, F. and Paul Thomas, C. L.",
title = "Factors that affect rescue time in urban search and rescue (USAR) operations",
journal = "Nat Hazards",
year = "2014",
volume = "75",
number = "1",
pages = "57-69",
}
@Article{Bozkurt2014,
author="Bozkurt, A. and Roberts D. L. and Sherman, B. L and Brugarolas, R. and Mealin, S. and Majikes, J. and Yang, P. and Loftin, R.",
title = "Towards Cyber-enhanced working dogs for search and rescue",
journal = "IEEE intelligent systems",
year = "2014",
volume = "",
number = "",
pages = "32-39",
}










@Article{,
author="",
title = "",
journal = "",
year = "",
volume = "",
number = "",
pages = "",
}